@inproceedings(levin1997, key="Levin1997", author="Esther Levin and Roberto Pieraccini and Wieland Eckert",
	title="Learning dialogue strategies within the Markov decision process framework",
	BookTitle="Proceedings of IEEE Workshop on Automatic Speech Recognition and Understanding",
	year=1997)
	
@inproceedings(singh1999, key="Singh1999", author="Satinder Singh and Michael Kearns and Diane Litman and Marylin Walker",
	title="Reinforcement learning for spoken dialogue systems",
	BookTitle="Proceedings of NIPS Conference",
	year=1999)
	
@article(walker2000, key="Walker2000", author="Marylin A. Walker",
	title="An application of reinforcement learning to dialogue strategy selection in a spoken dialogue system for email",
	journal="Journal of Artificial Intelligence Research",
	volume=12,
        pages="387-416", 
	year=2000)

@inproceedings(oh2000, key="Oh2000", author="Alice H. Oh and Alexander I. Rudnicky",
	title="Stochastic language generation for spoken dialogue systems",
	BookTitle="Proceedings of the 2000 ANLP/NAACL Workshop on Conversational Systems",
	year=2000)

@inproceedings(singh2000, key="Singh2000", author="Satinder Singh and Michael Kearns and Diane J. Litman and Marylin A. Walker",
	title="Empirical evaluation of a reinforcement learning spoken dialogue system",
	BookTitle="Proceedings of the 17th National Conference on Artificial Intelligence",
	year=2000)

@article(levin2000, key="Levin2000", author="Esther Levin and Roberto Pieraccini and Wieland Eckert",
	title="A stochastic model of human-machine interaction for learning dialog strategies",
	journal="IEEE Transactions on Speech and Audio Processing",
	volume=8,
	number=1,
        pages="11-23", 
	year=2000)
	
@article(ratnaparkhi2002, key="Ratnaparkhi2002", author="Adwait Ratnaparkhi",
	title="Trainable approaches to surface natural language generation and their application to conversational dialog systems",
	journal="Computer Speech and Language",
	volume=16,
        pages="435-455", 
	year=2002)
	
@article(singh2002, key="Singh2002", author="Satinder Singh and Diane Litman and Michael Kearns and Marylin Walker",
	title="Optimizing dialogue management with reinforcement learning: experiments with the NJFun system",
	journal="Journal of Artificial Intelligence Research",
	volume=16,
        pages="105-133", 
	year=2002)

@article(schatzmann2006, key="Schatzmann2006", author="Jost Schatzmann and Karl Weilhammer and Matt Stuttle and Steve Young",
	title="A survey of statistical user simulation techniques for reinforcement-learning of dialogue management strategies",
	journal="The Knowledge Engineering Review",
	volume=21,
	number=02,
        pages="97-126", 
	year=2006)

@article(young2010, key="Young2010", author="Steve Young and Milica Ga\v{s}i\'{c} and Simon Kaizer and Fran\c{c}ois Mairesse and Jost Schatzmann and Blaise Thomson and Kai Yu",
	title="The hidden state model: a practical framework for POMDP-based spoken dialogue management",
	journal="Computer Speech and Language",
	volume=24,
        pages="150-174", 
	year=2010)

@inproceedings(vogel2010, key="Vogel2010", author="Adam Vogel and Dan Jurafsky",
	title="Learning to follow navigational directions",
	BookTitle="Proceedings of the 48th Annual Meeting of the Association for Computational Linguistics",
	year=2010)

@inproceedings(dethlefs2011a, key="Dethlefs2011", author="Nina Dethlefs and Heriberto Cuay\'{a}huitl",
	title="Hierarchical reinforcement learning and hidden markov models for task-oriented natural language generation",
	BookTitle="Proceedings of the 49th Annual Meeting of the Association for Computational Linguistics",
	year=2011)

@inproceedings(dethlefs2011b, key="Dethlefs2011", author="Nina Dethlefs and Heriberto Cuay\'{a}huitl",
	title="Combining hierarchical reinforcement learning and bayesian networks for natural language generation in situated dialogue",
	BookTitle="Proceedings of the 13th European Workshop on Natural Language Generation",
	year=2011)

@article(branavan2012, key="Branavan2012", author="S. R. K. Branavan and David Silver and Regina Barzilay",
	title="Learning to win by reading manuals in a monte-carlo framework",
	journal="Journal of Artificial Intelligence Research",
	volume=43,
        pages="661-704", 
	year=2012)

@inproceedings(banchs2012, key="Banchs2012", author="Rafael E. Banchs and Haizhou Li",
	title="IRIS: a chat-oriented dialogue system based on the vector space model",
	BookTitle="Proceedings of the 50th Annual Meeting of the Association for Computational Linguistics",
	year=2012)
	
@inproceedings(gasic2013a, key="Gasic2013a", author="M. Ga\v{s}i\'{c} and C. Breslin and M. Henderson and D. Kim and M. Szummer and B. Thomson and P. Tsiakoulis and S. Young",
	title="On-line policy optimisation of bayesian spoken dialogue systems via human interaction",
	BookTitle="Proceedings of the IEEE ICASSP",
	year=2013)


@inproceedings(gasic2013b, key="Gasic2013b", author="M. Ga\v{s}i\'{c} and C. Breslin and M. Henderson and D. Kim and M. Szummer and B. Thomson and P. Tsiakoulis and S. Young",
	title="POMDP-based dialogue manager adaptation to extended domains",
	BookTitle="Proceedings of the SIGDIAL Conference",
	year=2013)

@inproceedings(young2013, key="Young2013", author="Steve Young and Milica Ga\v{s}i\'{c} and Blaise Thomson and Jason D Williams",
	title="POMDP-based statistical spoken dialogue systems: a review",
	BookTitle="Proceedings of the IEEE",
	year=2013)

@inproceedings(nio2014, key="Nio2014", author="Lasguido Nio and Sakriani Sakti and Graham Neubig and Tomoki Toda and Mirna Adriani and Satoshi Nakamura",
	title="Developing non-goal dialog system based on examples of drama television",
	BookTitle="Proceedings of the Natural Interaction with Robots, Knowbots and Smartphones Conference",
	year=2014)
	
@inproceedings(gasic2014, key="Gasic2014", author="M. Ga\v{s}i\'{c} and D. Kim and P. Tsiakoulis and C. Breslin and M. Henderson and M. Szummer and B. Thomson and S. Young",
	title="Incremental on-line adaptation of POMDP-based dialogue managers to extended domains",
	BookTitle="Proceedings of the InterSpeech",
	year=2014)

@inproceedings(guo2015, key="Guo2015", author="Hongyu Guo",
	title="Generating text with deep reinforcement learning",
	BookTitle="Proceedings of the NIPS Conference",
	year=2015)

@inproceedings(narasimhan2015, key="Narasimhan2015", author="Karthik Narasimhan and Tejas D Kulkarni and Regina Barzilay",
	title="Language understanding for text-based games using deep reinforcement learning",
	BookTitle="Proceedings of the 2015 Conference on Empirical Methods in Natural Language Processing",
	year=2015)

@inproceedings(li2016, key="Li2016", author="Jiwei Li and Will Monroe and Alan Ritter and Michel Galley and Jianfeng Gao and Dan Jurafsky",
	title="Deep reinforcement learning for dialogue generation",
	BookTitle="Proceedings of the Conference on Empirical Methods in Natural Language Processing",
	year=2016)

@inproceedings(he2016, key="He2016", author="Ji He and Jianshu Chen and Xiaodong He and Jianfeng Gao and Lihong Li and Li Deng and Mari Ostendorf",
	title="Deep reinforcement learning with a natural language action space",
	BookTitle="Proceedings of the 54th Annual Meeting of the Association for Computational Linguistics",
	year=2016)





















